
    <zs:record>
      <zs:recordSchema/>
      <zs:recordPacking>xml</zs:recordPacking>
      <zs:recordData>
        <record xmlns="http://www.loc.gov/MARC21/slim">
          <leader>01419cam a2200349 i 4500</leader>
          <controlfield tag="001">835726</controlfield>
          <controlfield tag="005">19900319081614.9</controlfield>
          <controlfield tag="008">770421s1976    enk          f001 0 eng  </controlfield>
          <datafield tag="035" ind1=" " ind2=" ">
            <subfield code="9">(DLC)   77354595</subfield>
          </datafield>
          <datafield tag="906" ind1=" " ind2=" ">
            <subfield code="a">7</subfield>
            <subfield code="b">cbc</subfield>
            <subfield code="c">orignew</subfield>
            <subfield code="d">3</subfield>
            <subfield code="e">ncip</subfield>
            <subfield code="f">19</subfield>
            <subfield code="g">y-gencatlg</subfield>
          </datafield>
          <datafield tag="010" ind1=" " ind2=" ">
            <subfield code="a">   77354595 </subfield>
          </datafield>
          <datafield tag="015" ind1=" " ind2=" ">
            <subfield code="a">GB76-33035</subfield>
          </datafield>
          <datafield tag="020" ind1=" " ind2=" ">
            <subfield code="a">0901853208</subfield>
          </datafield>
          <datafield tag="040" ind1=" " ind2=" ">
            <subfield code="a">DLC</subfield>
            <subfield code="c">DLC</subfield>
            <subfield code="d">DLC</subfield>
          </datafield>
          <datafield tag="043" ind1=" " ind2=" ">
            <subfield code="a">e-uk-en</subfield>
          </datafield>
          <datafield tag="050" ind1="0" ind2="0">
            <subfield code="a">DA670.D49</subfield>
            <subfield code="b">D6 new ser. vol. 21</subfield>
            <subfield code="a">JX5261.G7</subfield>
          </datafield>
          <datafield tag="082" ind1="0" ind2="0">
            <subfield code="a">343.423/0968/0269</subfield>
            <subfield code="a">344.23039680269</subfield>
            <subfield code="2">19</subfield>
          </datafield>
          <datafield tag="110" ind1="1" ind2=" ">
            <subfield code="a">England.</subfield>
            <subfield code="b">Court of Chancery.</subfield>
          </datafield>
          <datafield tag="245" ind1="0" ind2="2">
            <subfield code="a">A calendar of early Chancery proceedings relating to West Country Shipping, 1388-1493 /</subfield>
            <subfield code="c">edited with an introduction by Dorothy M. Gardiner.</subfield>
          </datafield>
          <datafield tag="260" ind1=" " ind2=" ">
            <subfield code="a">[Exeter] :</subfield>
            <subfield code="b">Devon and Cornwall Record Society,</subfield>
            <subfield code="c">1976.</subfield>
          </datafield>
          <datafield tag="300" ind1=" " ind2=" ">
            <subfield code="a">xix, 131 p. ;</subfield>
            <subfield code="c">25 cm.</subfield>
          </datafield>
          <datafield tag="490" ind1="1" ind2=" ">
            <subfield code="a">[Publications] : New series - Devon and Cornwall Record Society ; v. 21</subfield>
            <subfield code="x">0419-0327</subfield>
          </datafield>
          <datafield tag="500" ind1=" " ind2=" ">
            <subfield code="a">Title on spine: West Country shipping, 1388-1493.</subfield>
          </datafield>
          <datafield tag="504" ind1=" " ind2=" ">
            <subfield code="a">Bibliography: p. [vi]</subfield>
          </datafield>
          <datafield tag="500" ind1=" " ind2=" ">
            <subfield code="a">Includes index.</subfield>
          </datafield>
          <datafield tag="650" ind1=" " ind2="0">
            <subfield code="a">Prize law</subfield>
            <subfield code="z">England</subfield>
            <subfield code="z">West Country</subfield>
            <subfield code="x">Cases.</subfield>
          </datafield>
          <datafield tag="610" ind1="1" ind2="0">
            <subfield code="a">England.</subfield>
            <subfield code="b">Court of Chancery</subfield>
            <subfield code="x">Archives.</subfield>
          </datafield>
          <datafield tag="650" ind1=" " ind2="0">
            <subfield code="a">Court records</subfield>
            <subfield code="z">England</subfield>
            <subfield code="z">West Country.</subfield>
          </datafield>
          <datafield tag="700" ind1="1" ind2=" ">
            <subfield code="a">Gardiner, Dorothy M.</subfield>
          </datafield>
          <datafield tag="740" ind1="0" ind2=" ">
            <subfield code="a">West Country shipping, 1388-1493.</subfield>
          </datafield>
          <datafield tag="830" ind1=" " ind2="0">
            <subfield code="a">Devon and Cornwall Record Society (Series) ;</subfield>
            <subfield code="v">new ser., vol. 21.</subfield>
          </datafield>
          <datafield tag="991" ind1=" " ind2=" ">
            <subfield code="b">c-GenColl</subfield>
            <subfield code="h">DA670.D49</subfield>
            <subfield code="i">D6 new ser. vol. 21</subfield>
            <subfield code="t">Copy 1</subfield>
            <subfield code="w">BOOKS</subfield>
          </datafield>
        </record>
      </zs:recordData>
      <zs:recordPosition>3</zs:recordPosition>
    </zs:record>