
    <zs:record>
      <zs:recordSchema/>
      <zs:recordPacking>xml</zs:recordPacking>
      <zs:recordData>
        <record xmlns="http://www.loc.gov/MARC21/slim">
          <leader>01393cam a22002411a 4500</leader>
          <controlfield tag="001">9225823</controlfield>
          <controlfield tag="005">20050520111822.0</controlfield>
          <controlfield tag="008">830112s1933    nyu           000 1 eng  </controlfield>
          <datafield tag="035" ind1=" " ind2=" ">
            <subfield code="9">(DLC)   33019400</subfield>
          </datafield>
          <datafield tag="906" ind1=" " ind2=" ">
            <subfield code="a">7</subfield>
            <subfield code="b">cbc</subfield>
            <subfield code="c">oclcrpl</subfield>
            <subfield code="d">u</subfield>
            <subfield code="e">ncip</subfield>
            <subfield code="f">19</subfield>
            <subfield code="g">y-gencatlg</subfield>
          </datafield>
          <datafield tag="010" ind1=" " ind2=" ">
            <subfield code="a">   33019400 </subfield>
          </datafield>
          <datafield tag="035" ind1=" " ind2=" ">
            <subfield code="a">(OCoLC)9123106</subfield>
          </datafield>
          <datafield tag="040" ind1=" " ind2=" ">
            <subfield code="a">DLC</subfield>
            <subfield code="c">NcC</subfield>
            <subfield code="d">OU</subfield>
            <subfield code="d">OBgU</subfield>
            <subfield code="d">DLC</subfield>
          </datafield>
          <datafield tag="050" ind1="0" ind2="0">
            <subfield code="a">PZ3.G16824</subfield>
            <subfield code="b">Tr2</subfield>
            <subfield code="a">PS3513.A617</subfield>
          </datafield>
          <datafield tag="100" ind1="1" ind2=" ">
            <subfield code="a">Gardiner, Dorothy,</subfield>
            <subfield code="d">1894-</subfield>
          </datafield>
          <datafield tag="245" ind1="1" ind2="4">
            <subfield code="a">The transatlantic ghost /</subfield>
            <subfield code="c">Dorothy Gardiner.</subfield>
          </datafield>
          <datafield tag="250" ind1=" " ind2=" ">
            <subfield code="a">1st ed.</subfield>
          </datafield>
          <datafield tag="260" ind1=" " ind2=" ">
            <subfield code="a">Garden City, N.Y. :</subfield>
            <subfield code="b">Published for the Crime Club, Inc., by Doubleday, Doran, &amp; Company, Inc.,</subfield>
            <subfield code="c">c1933.</subfield>
          </datafield>
          <datafield tag="300" ind1=" " ind2=" ">
            <subfield code="a">x, 300 p. ;</subfield>
            <subfield code="c">20 cm.</subfield>
          </datafield>
          <datafield tag="505" ind1="0" ind2=" ">
            <subfield code="a">The castle in California -- Ghosts across the water -- Guests for a week-end -- In the matter of a chest -- The ghost killer -- The demise of Mr. Parker -- The ghost strikes -- Mr. Watson prepares to act -- Call for Help -- Thief in the night -- Three pistols -- A man after a bullet -- Police -- Danger pointing -- Who if not a ghost? -- Get him out of the house -- Menace in the air -- The ghost kills again -- The finger of suspicion -- Arrest -- Riggs of St. James's Street -- Into a room of death -- Battle in darkness -- The third man dies -- The end of a ghost.</subfield>
          </datafield>
          <datafield tag="650" ind1=" " ind2="0">
            <subfield code="a">Detective and mystery stories, American.</subfield>
          </datafield>
          <datafield tag="985" ind1=" " ind2=" ">
            <subfield code="e">OCLC REPLACEMENT</subfield>
          </datafield>
          <datafield tag="991" ind1=" " ind2=" ">
            <subfield code="b">c-GenColl</subfield>
            <subfield code="h">PZ3.G16824</subfield>
            <subfield code="i">Tr2</subfield>
            <subfield code="p">00014794323</subfield>
            <subfield code="t">Copy 1</subfield>
            <subfield code="w">OCLCREP</subfield>
          </datafield>
        </record>
      </zs:recordData>
      <zs:recordPosition>15</zs:recordPosition>
    </zs:record>