
    <zs:record>
      <zs:recordSchema/>
      <zs:recordPacking>xml</zs:recordPacking>
      <zs:recordData>
        <record xmlns="http://www.loc.gov/MARC21/slim">
          <leader>01646cam a2200289u  4500</leader>
          <controlfield tag="001">9167403</controlfield>
          <controlfield tag="005">20130514075029.0</controlfield>
          <controlfield tag="008">821001m18741905enk           000 0 eng  </controlfield>
          <datafield tag="906" ind1=" " ind2=" ">
            <subfield code="a">0</subfield>
            <subfield code="b">cbc</subfield>
            <subfield code="c">premunv</subfield>
            <subfield code="d">u</subfield>
            <subfield code="e">ncip</subfield>
            <subfield code="f">19</subfield>
            <subfield code="g">y-gencatlg</subfield>
          </datafield>
          <datafield tag="010" ind1=" " ind2=" ">
            <subfield code="a">   12018030 </subfield>
          </datafield>
          <datafield tag="035" ind1=" " ind2=" ">
            <subfield code="9">(DLC)   12018030</subfield>
          </datafield>
          <datafield tag="040" ind1=" " ind2=" ">
            <subfield code="a">DLC</subfield>
            <subfield code="c">CarP</subfield>
            <subfield code="d">DLC</subfield>
          </datafield>
          <datafield tag="050" ind1="0" ind2="0">
            <subfield code="a">PR1119</subfield>
            <subfield code="b">.E5 no. 20, etc.</subfield>
          </datafield>
          <datafield tag="100" ind1="1" ind2=" ">
            <subfield code="a">Lovelich, Henry,</subfield>
            <subfield code="d">active 1450.</subfield>
          </datafield>
          <datafield tag="245" ind1="1" ind2="4">
            <subfield code="a">The history of the holy grail,</subfield>
            <subfield code="c">Englisht, ab. 1450 A.D., by Herry Lonelich, skynner, from the French prose (ab. 1180-1200 A.D.) of Sires Robiers de Borron. Re-edited from the unique paper ms. in Corpus Christi college, Cambridge, by Fredk. J. Furnivall.</subfield>
          </datafield>
          <datafield tag="260" ind1=" " ind2=" ">
            <subfield code="a">London,</subfield>
            <subfield code="b">Pub. for the Early English text society by N. Trubner &amp; co.,</subfield>
            <subfield code="c">1874-1905.</subfield>
          </datafield>
          <datafield tag="300" ind1=" " ind2=" ">
            <subfield code="a">3 v.</subfield>
            <subfield code="c">22 cm.</subfield>
          </datafield>
          <datafield tag="490" ind1="0" ind2=" ">
            <subfield code="a">Early English text society. Extra series,</subfield>
            <subfield code="v">20, 24, 28, 30, 95</subfield>
          </datafield>
          <datafield tag="500" ind1=" " ind2=" ">
            <subfield code="a">Cover-title.</subfield>
          </datafield>
          <datafield tag="500" ind1=" " ind2=" ">
            <subfield code="a">"A translation into rhymed couplets of the French prose romance known ... as the Grand St. Graal ... made about 1450 by one Herry Lovelich [not Lonelich]"--Introd., pt. 1.</subfield>
          </datafield>
          <datafield tag="500" ind1=" " ind2=" ">
            <subfield code="a">Issued in five parts; pt. 5 with special t.-p.: The legend of the holy grail, its sources, character and development by Dorothy Kempe. The introduction to, and pt. v of, Herry Lovelich's verse History of the holy grail ... 1905.</subfield>
          </datafield>
          <datafield tag="500" ind1=" " ind2=" ">
            <subfield code="a">Published with the French text for the Roxburghe club in 1861-83, under title: Seynt graal, or The Sank ryal.</subfield>
          </datafield>
          <datafield tag="650" ind1=" " ind2="0">
            <subfield code="a">Grail.</subfield>
          </datafield>
          <datafield tag="700" ind1="1" ind2=" ">
            <subfield code="a">Furnivall, Frederick James,</subfield>
            <subfield code="d">1825-1910,</subfield>
            <subfield code="e">ed.</subfield>
          </datafield>
          <datafield tag="700" ind1="1" ind2=" ">
            <subfield code="a">Kempe, Dorothy. [from old catalog]</subfield>
          </datafield>
          <datafield tag="985" ind1=" " ind2=" ">
            <subfield code="g">fcd</subfield>
          </datafield>
          <datafield tag="991" ind1=" " ind2=" ">
            <subfield code="b">c-GenColl</subfield>
            <subfield code="h">PR1119</subfield>
            <subfield code="i">.E5 no. 20</subfield>
            <subfield code="t">Copy 1</subfield>
            <subfield code="w">PREM</subfield>
          </datafield>
        </record>
      </zs:recordData>
      <zs:recordPosition>24</zs:recordPosition>
    </zs:record>